@article{Fukushima:1,
AUTHOR="Fukushima, Kunihiko",
TITLE="Neocognitron: A self-organizing neural network model for a mechanism of pattern recognition unaffected by shift in position
",
JOURNAL="Biological Cybernetics",
MONTH= "April",
YEAR="1980",
URL="https://lrn.no-ip.info/other/books/neural/Neocognitron/1980_Neocognitron%20A%20Self-organizing%20Neural%20Network%20Model%20for%20a%20Mechanism%20of%20Pattern%20Recognition%20Unaffected%20by%20Shift%20in%20Position.pdf",
}
